



@mastersthesis{beckmann2016optimisation,
  title={Optimisation-Based Nurse Scheduling for Real-Life Instances},
  author={Beckmann, Francesco R and Klyve, Kjartan Kastet},
  year={2016},
  school={NTNU}
}



@online{AML,
  author = {Regjeringen.no},
  title = {{ArbeidsmiljÃžloven}},
  year = 2016,
  url = {https://www.regjeringen.no/no/tema/arbeidsliv/arbeidsmiljo-og-sikkerhet/innsikt/arbeidsmiljoloven/id447107/},
  urldate = {2017-09-11}
}



@online{AML1977,
  author = {Lovdata},
  title = {{Lov om arbeidervern og arbeidsmiljÃž fra 04.feb.1977}},
  year = {n.d.},
  url = {https://lovdata.no/dokument/NLO/lov/1977-02-04-4},
  urldate = {2017-10-15},
  note = {{Requires subscription}}  
}


@online{AMLforarbeid,
  author = {Lovdata},
  title = {{Lov om arbeidsmiljÃž, arbeidstid og stillingsvern mv. (arbeidsmiljÃžloven). (Registeropplysninger: Forarbeider til lover)}},
  year = {n.d.},
  url = {https://lovdata.no/dokument/RFA/lov/2005-06-17-62},
  urldate = {2017-10-15},
  note = {{Requires subscription}}
}


@online{IA,
  author = {Regjeringen.no},
  title = {{Hva er inkluderende arbeidsliv?}},
  year = 2017,
  url = {https://www.regjeringen.no/no/tema/arbeidsliv/arbeidsmiljo-og-sikkerhet/inkluderende_arbeidsliv/ia-avtalen-2014-18/hva-er-ia/id2344635/},
  urldate = {2017-10-14}
}




@online{sykefratot,
  author = {{Statistics Norway}},
  title = {{Sickness absence}},
  year = 2017,
  url = {http://www.ssb.no/en/sykefratot},
  urldate = {2017-10-14}
}




@online{OECD_sickness,
  author = {OECD},
  title = {{MHW\_NOR\_Ch2}},
  year = {n.d},
  url = {https://www.oecd.org/els/emp/MHW_NOR_Ch2.xlsx},
  urldate = {2017-10-14}
}

@misc{aarsakert53:online,
author = {IdÃ©banken.org},
title = {Ãrsaker til sykefravÃŠr},
howpublished = {\url{http://www.idebanken.org/innsikt/artikler/arsaker-til-sykefravaer}},
month = {},
year = {},
note = {(Accessed on 10/14/2017)}
}


@inproceedings{milbourn1998quality,
  title={Quality service makes happy customers and greater profits},
  author={Milbourn Jr, Gene and Haight, G Timothy},
  booktitle={Business forum},
  volume={23},
  number={3/4},
  pages={15},
  year={1998},
  organization={California State University, Los Angeles, School of Business and Economics}
}


