
@article{aykin1996optimal,
  title={Optimal shift scheduling with multiple break windows},
  author={Aykin, Turgut},
  journal={Management Science},
  volume={42},
  number={4},
  pages={591--602},
  year={1996},
  publisher={INFORMS}
}


@article{uboe2017statistical,
  title={Statistical testing of bounded rationality with applications to the newsvendor model},
  author={Ub{\o}e, Jan and Andersson, Jonas and J{\"o}rnsten, Kurt and Lillest{\o}l, Jostein and Sandal, Leif},
  journal={European Journal of Operational Research},
  volume={259},
  number={1},
  pages={251--261},
  year={2017},
  publisher={Elsevier}
}

@book{lundgren2010optimization,
  title={Optimization},
  author={Lundgren, J. and R{\"o}nnqvist, M. and V{\"a}rbrand, P.},
  isbn={9789144053080},
  url={https://books.google.no/books?id=4ZFwMwEACAAJ},
  year={2010},
  publisher={Professional Publishing}
}



@article{gino2008toward,
  title={Toward a theory of behavioral operations},
  author={Gino, Francesca and Pisano, Gary},
  journal={Manufacturing \& Service Operations Management},
  volume={10},
  number={4},
  pages={676--691},
  year={2008},
  publisher={INFORMS}
}

@article{croson2013behavioral,
  title={Behavioral operations: the state of the field},
  author={Croson, Rachel and Schultz, Ken and Siemsen, Enno and Yeo, ML},
  journal={Journal of Operations Management},
  volume={31},
  number={1},
  pages={1--5},
  year={2013},
  publisher={Elsevier}
}

@article{asgeirsson2016near,
  title={Near-optimal MIP solutions for preference based self-scheduling},
  author={{\'A}sgeirsson, Eyj{\'o}lfur Ingi and Sigur{\dh}ard{\'o}ttir, Gu{\dh}r{\'\i}{\dh}ur Lilla},
  journal={Annals of Operations Research},
  volume={239},
  number={1},
  pages={273--293},
  year={2016},
  publisher={Springer}
}

@article{asgeirsson2014bridging,
  title={Bridging the gap between self schedules and feasible schedules in staff scheduling},
  author={{\'A}sgeirsson, Eyj{\'o}lfur Ingi},
  journal={Annals of Operations Research},
  volume={218},
  number={1},
  pages={51--69},
  year={2014},
  publisher={Springer}
}

@article{alsheddy2011empowerment,
  title={Empowerment scheduling for a field workforce},
  author={Alsheddy, Abdullah and Tsang, Edward PK},
  journal={Journal of Scheduling},
  volume={14},
  number={6},
  pages={639--654},
  year={2011},
  publisher={Springer}
}

@book{dixit1990optimization,
  title={Optimization in economic theory},
  author={Dixit, Avinash K},
  year={1990},
  publisher={Oxford University Press on Demand}
}

@article{golden2015irregular,
  title={Irregular work scheduling and its consequences},
  author={Golden, Lonnie},
  year={2015}
}





@article{kahneman2000evaluation,
  title={Evaluation by moments: Past and future},
  author={Kahneman, Daniel},
  journal={Choices, values, and frames},
  pages={693--708},
  year={2000}
}

@article{kahneman1991anomalies,
  title={Anomalies: The endowment effect, loss aversion, and status quo bias},
  author={Kahneman, Daniel and Knetsch, Jack L and Thaler, Richard H},
  journal={The journal of economic perspectives},
  volume={5},
  number={1},
  pages={193--206},
  year={1991},
  publisher={JSTOR}
}






@article{loewenstein2003projection,
  title={Projection bias in predicting future utility},
  author={Loewenstein, George and O'Donoghue, Ted and Rabin, Matthew},
  journal={The Quarterly Journal of Economics},
  volume={118},
  number={4},
  pages={1209--1248},
  year={2003},
  publisher={MIT Press}
}

@techreport{kahneman1977intuitive,
  title={Intuitive prediction: Biases and corrective procedures},
  author={Kahneman, Daniel and Tversky, Amos},
  year={1977},
  institution={DECISIONS AND DESIGNS INC MCLEAN VA}
}



@book{rath2006vital,
  title={Vital friends: The people you canât afford to live without},
  author={Rath, Tom},
  year={2006},
  publisher={Simon and Schuster}
}


@book{dutton2017exploring,
  title={Exploring positive relationships at work: Building a theoretical and research foundation},
  author={Dutton, Jane E and Ragins, Belle Rose},
  year={2017},
  publisher={Psychology Press}
}


@book{dutton2003energize,
  title={Energize your workplace: How to create and sustain high-quality connections at work},
  author={Dutton, Jane E},
  volume={50},
  year={2003},
  publisher={John Wiley \& Sons}
}


@article{norton2011ikea,
  title={{The `IKEA effect': When labor leads to love}},
  author={Norton, Michael I and Mochon, Daniel and Ariely, Dan},
  year={2011}
}
