

@misc{Similari31:online,
author = {Encyclopedia.com},
title = {Similarity/Attraction Theory},
howpublished = {\url{http://www.encyclopedia.com/social-sciences/applied-and-social-sciences-magazines/similarityattraction-theory}},
month = {},
year = {},
note = {(Accessed on 10/14/2017)}
}



@misc{postcamp4:online,
author = {Rabin, Matthew},
title = {post\_camp2016matthewpart2preferences.pdf},
howpublished = {\url{https://scholar.harvard.edu/files/laibson/files/post_camp2016matthewpart2preferences.pdf}},
month = {06},
year = {2016},
note = {(Accessed on 10/14/2017)}
}



@misc{Working221:online,
author = {Oliver, Bruce and Capshaw, Dan},
title = {Working 24/7: What Employees Want from their Shift Schedules},
howpublished = {\url{http://www.industryweek.com/workforce/working-247-what-employees-want-their-shift-schedules}},
month = {12},
year = {2007},
note = {(Accessed on 10/14/2017)}
}
